@inbook{levenshtein,
	author="Левенштейн, В. И.",
	title="Двоичные коды с исправлением выпадений, вставок и замещений символов",
	publisher="-- М.: Издательство «Наука», Доклады АН СССР",
	volume=163,
	chapter=4,
	pages="845--848",
	language="russian",
	year=1965
}

@misc{cpp-lang,
	title="Документация по Microsoft C++ [Электронный ресурс].",
	howpublished="Режим доступа: \url{https://learn.microsoft.com/ru-ru/cpp/?view=msvc-170&viewFallbackFrom=vs-2017} (дата обращения: 25.09.2022)."
}

@misc{cpp-lang-time,
	title="C library function clock() [Электронный ресурс].",
	howpublished="Режим доступа: \url{https://www.tutorialspoint.com/c_standard_library/c_function_clock.htm} (дата обращения: 25.09.2022)."
}

@misc{intel,
	title="Intel [Электронный ресурс].",
	howpublished=\url{https://ark.intel.com/content/www/ru/ru/ark/products/201839/intel-core-i510300h-processor-8m-cache-up-to-4-50-ghz.html} (дата обращения: 25.09.2022)"
}

@misc{windows,
	title="Windows 10 Pro 2h21 64-bit  [Электронный ресурс]",
	howpublished="Режим доступа: \url{https://www.microsoft.com/ru-ru/software-download/windows10} (дата обращения: 25.09.2022)."
}

@misc{model,
	title="М. В. Ульянов Ресурсно-эффективные компьютерные алгоритмы. Разработка и анализ."},
    year=2007
}


