@inbook{multithreading,
	author="Justin Stoltzfus",
	title="Multithreading",
	publisher="-- Techopedia - Janalta Interactive Inc. [Электронный ресурс]",
	language="english",
	year=2022,
	url="Режим доступа: \url{https://www.techopedia.com/definition/24297/multithreading-computer-architecture} (дата обращения: 28.01.2023)"
}

@inbook{process,
	author="У. Ричард Стивенс, Стивен А. Раго",
	title="UNIX. Профессиональное программирование. 3-е издание",
	publisher=" -- СПб.: Питер",
	language="russian",
	pages="994",
	year=2018,
}

@inbook{avto_lingv,
	author="Большакова Е.И., Клышинский Э.С., Ландэ Д.В., Носков А.А., Пескова О.В., Ягунова Е.В.",
	title="Автоматическая обработка текстов на естественном языке и компьютерная лингвистика : учеб. пособие .",
	publisher=" -- М.: МИЭМ",
	language="russian",
	pages="272",
	year=2013,
}

@inbook{lingv,
	author="К. К. Боярский",
	title="Введение в компьютерную лингвистику. Учебное пособие.",
	publisher=" -- СПб.: НИУ ИТМО",
	language="russian",
	pages="72",
	year=2013,
}

@inbook{book_sort_algorithms,
	author="Д.В. Шагбазян, А.А. Штанюк, Е.В. Малкина.",
	title="Алгоритмы сортировки. Анализ, реализация, применение: учебное пособие.",
	publisher="–- Нижний Новгород: Нижегородский государственный университет",
	pages="22--25",
	language="russian",
	year=2019
}

@misc{c-lang,
	title="C language [Электронный ресурс].",
	howpublished="Режим доступа:\url{https://en.cppreference.com/w/c/language} (дата обращения: 28.01.2023)."
}

@misc{c-thread,
	title="pthread.h - threads [Электронный ресурс].",
	howpublished="Режим доступа: \url{https://pubs.opengroup.org/onlinepubs/007908799/xsh/pthread.h.html} (дата обращения: 28.01.2023)."
}

@misc{c-lang-time,
	title="Определение текущего времени с высокой точностью [Электронный ресурс].",
	howpublished="Режим доступа: \url{http://all-ht.ru/inf/prog/c/func/clock_gettime.html} (дата обращения: 28.01.2023)."
}

@misc{intel,
	title="Intel [Электронный ресурс].",
	howpublished="Режим доступа: \url{https://ark.intel.com/content/www/ru/ru/ark/products/201839/intel-core-i510300h-processor-8m-cache-up-to-4-50-ghz.html} (дата обращения: 25.09.2022)"
}

@misc{windows,
	title="Windows 10 Pro 2h21 64-bit  [Электронный ресурс]",
	howpublished="Режим доступа: \url{https://www.microsoft.com/ru-ru/software-download/windows10} (дата обращения: 25.09.2022)."
}

@misc{model,
	title="М. В. Ульянов Ресурсно-эффективные компьютерные алгоритмы. Разработка и анализ.",
    year=2007
}


