@misc{dict,
	author="Шапошникова С.",
	title="Словари --- Лаборатория линуксоида [Электронный ресурс]",
	language="russian",
	howpublished="--- Режим доступа: \url{https://younglinux.info/python/dictionary} (дата обращения: 28.01.2023)"
}

@book{
	AI,
	author="Нильсон Н.",
	title="Искусственный интеллект. Методы поиска решений.",
	publisher="М.: Мир",
	year=1973,
	pages=273
}

@misc{pythonlang,
	title="Welcome to Python [Электронный ресурс]",
	howpublished="Режим доступа: \url{https://www.python.org} (дата обращения: 28.01.2023)"
}
@misc{pythondict,
	title="dict Python [Электронный ресурс]",
	howpublished="Режим доступа: \url{https://docs.python.org/3/library/2to3.html?highlight=dict#to3fixer-dict} (дата обращения: 28.01.2023)"
}

@misc{pythonlist,
	title="list Python [Электронный ресурс]",
	howpublished="Режим доступа: \url{https://docs.python.org/3/library/pdb.html?highlight=list#pdbcommand-list} (дата обращения: 28.01.2023)"
}

@misc{intel,
	title="Intel [Электронный ресурс].",
	howpublished="--- Режим доступа: \url{https://ark.intel.com/content/www/ru/ru/ark/products/201839/intel-core-i510300h-processor-8m-cache-up-to-4-50-ghz.html} (дата обращения: 25.09.2022)"
}

@misc{windows,
	title="Windows 10 Pro 2h21 64-bit  [Электронный ресурс]",
	howpublished="--- Режим доступа: \url{https://www.microsoft.com/ru-ru/software-download/windows10} (дата обращения: 25.09.2022)."
}

@misc{model,
	title="М. В. Ульянов Ресурсно-эффективные компьютерные алгоритмы. Разработка и анализ.",
    year=2007
}


