@inbook{book_lipachev,
	author="Е.К. Липачѐв.",
	title="Технология программирования. Методы сортировки данных: учебное
	пособие.",
	publisher="–- Казань: Казанский университет",
	pages="-- 59",
	language="russian",
	year=2017
}

@inbook{book_sort_algorithms,
	author="Д.В. Шагбазян, А.А. Штанюк, Е.В. Малкина.",
	title="Алгоритмы сортировки. Анализ, реализация, применение: учебное пособие.",
	publisher="–- Нижний Новгород: Нижегородский государственный университет",
	pages="22--25",
	language="russian",
	year=2019
}

@inbook{book_knut,
	author="Кнут Д.",
	title="Искусство программирования для ЭВМ. Том 3. Сортировка ипоиск.",
	publisher="–- М.: ООО «И.Д. Вильямс»",
	pages="-- 824",
	language="russian",
	year=2014
}

@inbook{book_kormen,
	author="Кормен Т., Лейзерсон Ч., Ривест Р.",
	title="Алгоритмы: построение и анализ.",
	publisher="–- М.: МЦНМО",
	pages="-- 1328",
	language="russian",
	year=2000
}

@misc{cpp-lang,
	title="Документация по Microsoft C++ [Электронный ресурс].",
	howpublished="Режим доступа: \url{https://learn.microsoft.com/ru-ru/cpp/?view=msvc-170&viewFallbackFrom=vs-2017} (дата обращения: 25.09.2022)."
}

@misc{cpp-lang-time,
	title="C library function clock() [Электронный ресурс].",
	howpublished="Режим доступа: \url{https://www.tutorialspoint.com/c_standard_library/c_function_clock.htm} (дата обращения: 25.09.2022)."
}

@misc{intel,
	title="Intel [Электронный ресурс].",
	howpublished="Режим доступа: \url{https://ark.intel.com/content/www/ru/ru/ark/products/201839/intel-core-i510300h-processor-8m-cache-up-to-4-50-ghz.html} (дата обращения: 25.09.2022)"
}

@misc{windows,
	title="Windows 10 Pro 2h21 64-bit  [Электронный ресурс]",
	howpublished="Режим доступа: \url{https://www.microsoft.com/ru-ru/software-download/windows10} (дата обращения: 25.09.2022)."
}

@misc{model,
	title="М. В. Ульянов Ресурсно-эффективные компьютерные алгоритмы. Разработка и анализ."},
    year=2007
}


