@inbook{book_matrix,
	author="И. И. Баварин",
	title="Высшая математика: учебник по естественно-научным направлениям и специальностям.",
	publisher="–- М.: Гуманит. изд. центр ВЛАДОС",
	pages="45–49",
	language="russian",
	year=2003
}

@inbook{book_vinograd,
	author="Д. Л. Головашкин",
	title="Векторные алгоритмы вычислительной линейной алгебры:
	учеб. пособие.",
	publisher="– Самара: Изд-во Самарского университета",
	pages="28-35",
	language="russian",
	year=2019
}

@misc{article_vinograd_hackell,
	author="Анисимов~Н.~С., Строганов~Ю.~В.",
	title="Реализация алгоритма умножения матриц по Винограду на языке Haskel [Электронный ресурс]",
	howpublished="\url{https://cyberleninka.ru/article/n/realizatsiya-algoritma-umnozheniya-matrits-po-vinogradu-na-yazyke-haskell/viewer}",
	language="russian"
}

@misc{cpp-lang,
	title="Документация по Microsoft C++ [Электронный ресурс].",
	howpublished="Режим доступа: \url{https://learn.microsoft.com/ru-ru/cpp/?view=msvc-170&viewFallbackFrom=vs-2017} (дата обращения: 25.09.2022)."
}

@misc{cpp-lang-time,
	title="C library function clock() [Электронный ресурс].",
	howpublished="Режим доступа: \url{https://www.tutorialspoint.com/c_standard_library/c_function_clock.htm} (дата обращения: 20.10.2022)."
}

@misc{intel,
	title="Intel [Электронный ресурс].",
	howpublished="Режим доступа: \url{https://ark.intel.com/content/www/ru/ru/ark/products/201839/intel-core-i510300h-processor-8m-cache-up-to-4-50-ghz.html} (дата обращения: 20.10.2022)"
}

@misc{windows,
	title="Windows 11 Pro 2H21 64-bit  [Электронный ресурс]",
	howpublished="Режим доступа: \url{https://www.microsoft.com/ru-ru/software-download/windows11} (дата обращения: 20.10.2022)."
}

@misc{model,
	title="М. В. Ульянов Ресурсно-эффективные компьютерные алгоритмы. Разработка и анализ."},
    year=2007
}


