@misc{conway,
	title="Конвейерная обработка данных [Электронный ресурс]",
	howpublished="--- Режим доступа: \url{https://studref.com/636041/ekonomika/konveyernaya_obrabotka_dannyh} (дата обращения: 28.01.2023)"
}

@inbook{csr,
	author="Писсанецки С.",
	title="Технология разреженных матриц",
	publisher="--- М.: Издательство <<МИР>>",
	language="russian",
	pages="410",
	year=1998,
}

@misc{cpp-lang,
	title="C++ language [Электронный ресурс].",
	howpublished="--- Режим доступа: \url{https://en.cppreference.com/} (дата обращения: 28.01.2023)."
}

@misc{thread,
	title="Класс thread [Электронный ресурс].",
	howpublished="--- Режим доступа: \url{https://learn.microsoft.com/ru-ru/cpp/standard-library/thread-class} (дата обращения: 28.01.2023)."
}

@misc{mutex,
	title="Класс mutex [Электронный ресурс].",
	howpublished="--- Режим доступа: \url{https://learn.microsoft.com/ru-ru/cpp/standard-library/mutex-class-stl} (дата обращения: 28.01.2023)."
}

@misc{queue,
	title="Класс queue [Электронный ресурс].",
	howpublished="--- Режим доступа: \url{https://learn.microsoft.com/ru-ru/cpp/standard-library/queue-class} (дата обращения: 28.01.2023)."
}

@misc{cpp-time,
	title="$clock\_gettime$ function [Электронный ресурс].",
	howpublished="--- Режим доступа: \url{https://man7.org/linux/man-pages/man3/clock_gettime.3.html} (дата обращения: 28.01.2023)."
}

@misc{intel,
	title="Intel [Электронный ресурс].",
	howpublished="--- Режим доступа: \url{https://ark.intel.com/content/www/ru/ru/ark/products/201839/intel-core-i510300h-processor-8m-cache-up-to-4-50-ghz.html} (дата обращения: 25.09.2022)"
}

@misc{windows,
	title="Windows 10 Pro 2h21 64-bit  [Электронный ресурс]",
	howpublished="--- Режим доступа: \url{https://www.microsoft.com/ru-ru/software-download/windows10} (дата обращения: 25.09.2022)."
}


